<?xml version="1.0" encoding="UTF-8"?><collection xmlns="http://www.loc.gov/MARC21/slim"><record><leader>00458nam--2200133-i-4500</leader><controlfield tag="001">000034334</controlfield><controlfield tag="002">20161230</controlfield><controlfield tag="005">20161230201040</controlfield><controlfield tag="008">060222s1000------------r-----000-0-eng-d</controlfield><datafield ind1=" " ind2=" " tag="080"><subfield code="a">621.314(043)</subfield></datafield><datafield ind1=" " ind2=" " tag="100"><subfield code="a">Nguyen, Trinh-dzoanh</subfield></datafield><datafield ind1=" " ind2=" " tag="245"><subfield code="a">Recherches sur les generateurs de tres haute tension a courant de particules electrisees sous pression interne.realisation d`un prototype sous 10 kgs/cm2.these</subfield></datafield><datafield ind1=" " ind2=" " tag="260"><subfield code="a">Paris, Universite, 1961. 94p</subfield></datafield><datafield ind1=" " ind2=" " tag="852"><subfield code="a">78403</subfield></datafield></record></collection>